@manual{ manual1,
	title = {AT Command Set (GSM 07.07, GSM 07.05, Siemens specific commands) for the SIEMENS Mobile Phones S35i, C35i, M35i},
	author = {kel}, 
	organization = {Siemens}, 
	edition = {1.0}, 
	month = 3, 
	year = 2000,
	}
	
@manual{ manual2,
	title = {TC35i Terminal},
	author = {Siemens Cellular Engine}, 
	organization = {Siemens}, 
	edition = {02.07}, 
	month = 1, 
	year = 2004,
	note = {DocId: TC35i\_ATC\_V02.07},
	}
	
@manual{ manual3,
	title = {TC35i Terminal},
	author = {Siemens Cellular Engine}, 
	organization = {Siemens}, 
	edition = {01.05}, 
	month = 7, 
	year = 2003,
	note = {DocId: TC35i T HD v01.05},
	}
	
@misc{link1,
  author = {ATMEL},
  title = {{8-bit Microcontroller with 32KBytes In-System Programmable Flash}},
  howpublished = "\url{http://www.atmel.com/Images/doc2503.pdf}",
  year = {2011},
}

@misc{link2,
  author = {http://www.asciitable.com/},
  title = {{ASCII Table and Description}},
  howpublished = "\url{http://www.asciitable.com/}",
  year = {2010}, 
}
	
