% For templates see http://en.wikibooks.org/wiki/LaTeX/Bibliography_Management#Standard_templates

@article{JCAF,
	author    = "{Jakob E. Bardram}",
	title     = "Design Implementation, and Evaluation of the Java Context Awareness Framework (JCAF)",
	howpublished = "\url{http://www.daimi.au.dk/~bardram/jcaf/jcaf.v15.pdf}",
	year     = "2005",
	month    = "6",
	%note     = "",
}

@inproceedings{bardram2008context,
	title={A context-aware patient safety system for the operating room},
	author={Bardram, Jakob E and Nørskov, Niels},
	booktitle={Proceedings of the 10th international conference on Ubiquitous computing},
	pages={272--281},
	year={2008},
	organization={ACM}
}

@misc{ContextToolkit,
	author    = "{Anind K. Dey, Alan Newberger}",
	title     = "The Context Toolkit",
	howpublished = "\url{http://contexttoolkit.sourceforge.net/\#papers}",
	year      = "2015",
	month     = "7",
	%note     = "",
}

@misc{BB-CAALHP,
	author    = "{Stefan Wagner, René G. Stenner}",
	title     = "{The CAALHP repository}",
	howpublished = "\url{https://bitbucket.org/CAALHP}",
	year      = "2005",
	month     = "6",
	%note     = "",
}

@misc{Shimmer,
	author    = "{Shimmer Sensing}",
	title     = "Shimmer Sensing",
	howpublished = "\url{http://www.shimmersensing.com/}",
	year      = "2005",
	month     = "6",
	%note     = "",
}

@misc{BB-CareBedFaker,
	author    = "{Rasmus Bækgaard}",
	title     = "The CareBed Driver Faker repository",
	howpublished = "\url{https://bitbucket.org/Limroto/carebeddriverfaker}",
	year      = "2015",
	month     = "7",
	%note     = "",
}

@misc{BB-ShimmerFaker,
	author    = "{Rasmus Bækgaard}",
	title     = "The Shimmer Driver Faker repository",
	howpublished = "\url{https://bitbucket.org/Limroto/shimmerdevicefaker}",
	year      = "2015",
	month     = "7",
	%note     = "",
}

@misc{BB-types,
	author    = "{Rasmus Bækgaard}",
	title     = "The event types repository",
	howpublished = "\url{https://bitbucket.org/Limroto/eventtypes}",
	year      = "2015",
	month     = "7",
	%note     = "",
}


@misc{MongoDB-ref,
	author    = "{MongoDB Inc.}",
	title     = "The MongoDB C\# 2.0 API documentation",
	howpublished = "\url{http://mongodb.github.io/mongo-csharp-driver/2.0/reference/}",
	year      = "2015",
	month     = "7",
	%note     = "",
}


@misc{MongoDB-update,
	author    = "{MongoDB Inc.}",
	title     = "The MongoDB C\# 2.0 API release",
	howpublished = "\url{https://github.com/mongodb/mongo-csharp-driver/releases/tag/v2.0.0}",
	year      = "2015",
	month     = "4",
	%note     = "",
}


@misc{db4o,
	author    = "{Versant}",
	title     = "db4o 7.10 tutorial .NET",
	howpublished = "\url{http://www.odbms.org/wp-content/uploads/2013/11/db4o-7.10-tutorial-net.pdf}",
	year      = "2013",
	month     = "11",
	%note     = "",
}


@article{bell2000characteristics,
	title={Characteristics and outcomes of older patients presenting to the emergency department after a fall: a retrospective analysis.},
	author={Bell, Anthony J and Talbot-Stern, Janet K and Hennessy, Annemarie},
	journal={The Medical Journal of Australia},
	volume={173},
	number={4},
	pages={179--182},
	year={2000}
}

@misc{Tun-Loft,
	author    = "{Careware}",
	title     = "Det intelligente loft",
	howpublished = "\url{http://www.carewareweb.dk/da/Om-CW/CareWare-2015/Solbjerg/Det-intelligente-loft.aspx}",
	year      = "2015",
	month     = "6",
	%note     = "",
}

@misc{Tun-bed,
	author    = "{Tunstall}",
	title     = "{OS-R Optisk Sengevagt}",
	howpublished = "\url{http://www.tunstall.dk/da/produkter/automatiske_alarmsendere/os-r_optisk_sengevagt_(relae)}",
	year      = "2015",
	month     = "7",
	%note     = "",
}

@misc{LessWrongBias,
	author    = "{Elizer Yudkowsky}",
	title     = "Positive Bias: Look into the Dark",
	howpublished = "\url{http://lesswrong.com/lw/iw/positive_bias_look_into_the_dark/}",
	year      = "2015",
	month     = "7",
	%note     = "",
}

@article{welch2006introduction,
	title="An introduction to the Kalman Filter",
	author={Greg Welch and Gary Bishop},
	journal={University of North Carolina: Chapel Hill, North Carolina, US},
	year={2006},
	month={7},
}

@TechReport {MicrosoftBayesian,
author       = {David Heckerman},
institution  = {Microsoft Research},
month        = {March},
number       = {MSR-TR-95-06},
pages        = {57},
title        = {A Tutorial on Learning With Bayesian Networks},
url          = {http://research.microsoft.com/apps/pubs/default.aspx?id=69588},
year         = {1995},
month				 = "11",
}

@misc{YG-bed,
	author    = "{Yes Group}",
	title     = "Sengevagt",
	howpublished = "\url{http://yesgroup.eu/soverums-sensor}",
	year      = "2015",
	month     = "7",
	%note     = "",
}

@misc{Elsi,
	author    = "{MariCare}",
	title     = "How MariCare technology works",
	howpublished = "\url{http://maricare.com/index.php/en/how-it-works/how-elsi-is-installed}",
	year      = "2015",
	month     = "7",
	%note     = "",
}


@misc{AnyGroup-bedguard,
	author    = "{AnyGroup}",
	title     = "{Intelligent Sengevagt}",
	howpublished = "\url{http://www.anygroup.dk/intelligent-sengevagt}",
	year      = "2015",
	month     = "7",
	%note     = "",
}

@misc{AnyGroup-multiguard,
	author    = "{AnyGroup}",
	title     = "{Multivagt}",
	howpublished = "\url{http://yesgroup.eu/basis-sensor}",
	year      = "2015",
	month     = "7",
	%note     = "",
}
