% See http://en.wikibooks.org/wiki/LaTeX/Bibliography_Management#Standard_templates for templates

