@book{ EECC,
	author = "Jorge Casti√±eira Moreira and Patrick Guy Farrell",
	title = "Essentials of Error-Control Coding",
	year      = "2006",
    publisher = "John Wiley \& Sons",
    address   = "The Atrium, Southern Gate, Chichester, West Sussex PO19 8SQ, England",
}


@booklet{Slide7,
	author   = "Qi Zhang",
    title     = "Cyclic Codes",
	howpublished   = "iha.Campusnet.dk",
    year      = "2014",
    month    = "02",
    note     = "CLC-handout",
}