@book{Short:2007:VE:1209351,
 author = {Short, Kenneth L.},
 title = {VHDL for Engineers},
 year = {2007},
 isbn = {0131424785},
 publisher = {Prentice-Hall, Inc.},
 address = {Upper Saddle River, NJ, USA},
} 

@manual {DE2,
    author    = "Altera",
    title     = "Media Computer System for the Altera DE2 Board",
    year      = "2011",
    month	  = "May",
    note	  = "C:\bs altera\bs 12.1\bs University\_Program\bs NiosII\_Computer\_Systems\bs DE2\bs \\DE2\_Media\_Computer\bs doc\bs DE2\_Media\_Computer.pdf",
}

@misc{link1,
  author = {University of Toronto},
  title = {{PS2 Controller}},
  howpublished = "\url{http://www.eecg.toronto.edu/~jayar/ece241_08F/AudioVideoCores/ps2/ps2.html}",
  year = {2013},
  month = {4},
  note = {Generelt info om PS/2 interfacet og samtidig også en tabel over hvilke hex-værdier der svarer til hvilke tastetryk.},
}