% See http://en.wikibooks.org/wiki/LaTeX/Bibliography_Management#Standard_templates for templates

@article{Krav,
    author    = "Os alle sammen",
    title     = "Kravspecifikation",
    journal   = "",
    year      = "2050",
    month	  = "Decembuar",
}

@article{Design,
    author    = "Os alle sammen",
    title     = "Design",
    journal   = "",
    year      = "2050",
    month	  = "Decembuar",
}