% See http://en.wikibooks.org/wiki/LaTeX/Bibliography_Management#Standard_templates for templates

@misc{dataSheet,
    author    = "{Crossbow Technology Inc.}",
    title     = "TelosB datasheet",
    howpublished = "\url{http://www.willow.co.uk/TelosB\_Datasheet.pdf}",
    %year     = "XXXX",
    %month    = "",
    %note     = "",
}